<record><leader>01345cam a2200349 i 45 0</leader><controlfield tag="001">6749906</controlfield><controlfield tag="003">OCoLC</controlfield><controlfield tag="005">20141203103244.0</controlfield><controlfield tag="008">140429s2015    enka     b    001 0 eng  </controlfield><datafield ind1=" " ind2=" " tag="010"><subfield code="a">  2014015235</subfield></datafield><datafield ind1=" " ind2=" " tag="020"><subfield code="a">9780195384086</subfield></datafield><datafield ind1=" " ind2=" " tag="020"><subfield code="a">0195384083</subfield></datafield><datafield ind1=" " ind2=" " tag="035"><subfield code="a">ocn878812945</subfield></datafield><datafield ind1=" " ind2=" " tag="040"><subfield code="a">DLC</subfield><subfield code="e">rda</subfield><subfield code="b">eng</subfield><subfield code="c">DLC</subfield><subfield code="d">YDX</subfield><subfield code="d">OCLCF</subfield><subfield code="d">YDXCP</subfield><subfield code="d">UAB</subfield></datafield><datafield ind1=" " ind2=" " tag="042"><subfield code="a">pcc</subfield></datafield><datafield ind1="0" ind2="0" tag="050"><subfield code="a">TJ170</subfield><subfield code="b">.C58 2015</subfield></datafield><datafield ind1="0" ind2="0" tag="082"><subfield code="a">621.8</subfield><subfield code="2">23</subfield></datafield><datafield ind1=" " ind2=" " tag="090"><subfield code="a">TJ 170 C58 2015</subfield><subfield code="b">AEU</subfield></datafield><datafield ind1="1" ind2=" " tag="100"><subfield code="a">Cleghorn, W. L.</subfield><subfield code="q">(William L.),</subfield><subfield code="e">author.</subfield></datafield><datafield ind1="1" ind2="0" tag="245"><subfield code="a">Mechanics of machines /</subfield><subfield code="c">William L. Cleghorn and Nikolai Dechev.</subfield></datafield><datafield ind1=" " ind2=" " tag="250"><subfield code="a">Second edition.</subfield></datafield><datafield ind1=" " ind2="1" tag="264"><subfield code="a">Oxford ;</subfield><subfield code="a">New York :</subfield><subfield code="b">Oxford University Press,</subfield><subfield code="c">[2015]</subfield></datafield><datafield ind1=" " ind2=" " tag="300"><subfield code="a">xvii, 619 pages :</subfield><subfield code="b">illustrations (some color) ;</subfield><subfield code="c">29 cm</subfield></datafield><datafield ind1=" " ind2=" " tag="336"><subfield code="a">text</subfield><subfield code="b">txt</subfield><subfield code="2">rdacontent</subfield></datafield><datafield ind1=" " ind2=" " tag="337"><subfield code="a">unmediated</subfield><subfield code="b">n</subfield><subfield code="2">rdamedia</subfield></datafield><datafield ind1=" " ind2=" " tag="338"><subfield code="a">volume</subfield><subfield code="b">nc</subfield><subfield code="2">rdacarrier</subfield></datafield><datafield ind1=" " ind2=" " tag="504"><subfield code="a">Includes bibliographical references and index.</subfield></datafield><datafield ind1=" " ind2=" " tag="596"><subfield code="a">48</subfield></datafield><datafield ind1=" " ind2="0" tag="650"><subfield code="a">Mechanical engineering.</subfield></datafield><datafield ind1="1" ind2=" " tag="700"><subfield code="a">Dechev, Nikolai,</subfield><subfield code="e">author.</subfield></datafield><datafield ind1=" " ind2=" " tag="926"><subfield code="a">TJ 170 C58 2015</subfield><subfield code="w">LC</subfield><subfield code="c">1</subfield><subfield code="i">0162033596501</subfield><subfield code="d">12/15/2016</subfield><subfield code="e">12/14/2016</subfield><subfield code="k">RESERVES</subfield><subfield code="l">ON_SHELF</subfield><subfield code="m">UASCITECH</subfield><subfield code="n">80</subfield><subfield code="p">$150.00</subfield><subfield code="r">Y</subfield><subfield code="s">Y</subfield><subfield code="t">SHORT_LOAN</subfield><subfield code="u">12/3/2014</subfield><subfield code="0">TEXTBOOK</subfield></datafield><datafield ind1=" " ind2=" " tag="926"><subfield code="a">TJ 170 C58 2015</subfield><subfield code="w">LC</subfield><subfield code="c">2</subfield><subfield code="i">0162033695519</subfield><subfield code="d">4/9/2017</subfield><subfield code="e">4/9/2017</subfield><subfield code="k">RESERVES</subfield><subfield code="l">ON_SHELF</subfield><subfield code="m">UASCITECH</subfield><subfield code="n">37</subfield><subfield code="p">$150.00</subfield><subfield code="r">Y</subfield><subfield code="s">Y</subfield><subfield code="t">SHORT_LOAN</subfield><subfield code="u">9/8/2015</subfield><subfield code="0">TEXTBOOK</subfield></datafield></record>